<?xml version="1.0" encoding="UTF-8"?><collection xmlns="http://www.loc.gov/MARC21/slim"><record><leader>00492nam--2200181-i-4500</leader><controlfield tag="001">000036700</controlfield><controlfield tag="002">20161230</controlfield><controlfield tag="005">20161230201041</controlfield><controlfield tag="008">060222s1000------------r-----000-0-eng-d</controlfield><datafield ind1=" " ind2=" " tag="040"><subfield code="a">IFIN-HH</subfield></datafield><datafield ind1=" " ind2=" " tag="080"><subfield code="a">533.9(075.8)</subfield></datafield><datafield ind1="1" ind2=" " tag="100"><subfield code="a">Hasegawa, Akira</subfield></datafield><datafield ind1="1" ind2="0" tag="245"><subfield code="a">Plasma instabilities and nonlinear effects</subfield><subfield code="c">Akira Hasegawa</subfield></datafield><datafield ind1=" " ind2=" " tag="260"><subfield code="a">Berlin</subfield><subfield code="b">Springer</subfield><subfield code="c">1975</subfield></datafield><datafield ind1=" " ind2=" " tag="300"><subfield code="a">217 p</subfield></datafield><datafield ind1=" " ind2=" " tag="490"><subfield code="a">Physics and Chemistry in Space</subfield><subfield code="v">Vol. 8</subfield></datafield><datafield ind1=" " ind2=" " tag="852"><subfield code="a">42973</subfield><subfield code="c">533.9</subfield></datafield><datafield ind1=" " ind2=" " tag="CAT"><subfield code="a">Sys</subfield><subfield code="c">20100927</subfield><subfield code="h">121859</subfield></datafield></record></collection>